% Encoding: UTF-8

@Article{firstFuzzPaper,
  author = {Barton P. Miller, Lars Fredriksen, Bryan So},
  title  = {An Empirical Study of the Reliability of UNIX Utilities},
  year   = {1990},
  url    = {ftp://ftp.cs.wisc.edu/paradyn/technical_papers/fuzz.pdf},
}

@Comment{jabref-meta: databaseType:bibtex;}
